@incollection{m85,
   author={Maskin, Eric S.},
   year={1985},
   title={The theory of implementation in {N}ash equilibrium: a survey},
   booktitle={Social Goals and Social Organization},
   editor={Leonid Hurwicz and David Schmeidler and Hugo Sonnenschein},
   pages={173-204},
   publisher={Cambridge University Press},
   address={Cambridge}
}